@article{Nielsen1984,
	journal = {American Philosophical Quarterly},
	number = {1},
	year = {1984},
	author = {Kai Nielsen},
	title = {Why Should I Be Moral? Revisited},
	pages = {81--91},
	volume = {21},
	publisher = {University of Illinois Press},
	language = {english}
}

@book{PlatoRepublicI, title={The Republic, Book I}, publisher={Hackett Publishing}, author={Plato and Grube, G.M.A}, year={1992}, language = {english}}
revised with editor C.D.C. Reeve

@book{PlatoRepublicII, title={The Republic, Book II, 357-367e}, publisher={Hackett Publishing}, author={Plato and Grube, G.M.A}, year={1992}, language = {english}}
revised with editor C.D.C. Reeve


@incollection{PsychEgoism,
  author      = {Joel Feinberg},
  title       = {Part III - Psychological Egoism},
  booktitle   = {Ethical theory: an anthology},
 publisher = {John Wiley \& Sons, Incorporated},
	editor = {Russ Shafer{-}Landau and Joel Feinberg},
  year        = {2012},
  pages       = {167-77},
  chapter     = {19},}
  
@incollection{EthicalEgoism,
  author      = {Shafer-Landau, Russ},
  title       = {Part III - Ethical Egoism},
  booktitle   = {Ethical theory: an anthology},
 publisher = {John Wiley \& Sons, Incorporated},
	editor = {Russ Shafer{-}Landau},
  year        = {2012},
  pages       = {193-199},
  chapter     = {21},
}

@book{PlatoRepublicIX, title={The Republic, Book IX}, publisher={Hackett Publishing}, author={Plato and Grube, G.M.A}, year={1992}, language = {english}}
revised with editor C.D.C. Reeve

@book{PlatoRepublic2, title={The Republic, Book IV, 443d-444b}, publisher={Hackett Publishing}, author={Plato and Grube, G.M.A}, year={1992}, language = {english}}
revised with editor C.D.C. Reeve

@book{AristotleI, title={Nicomachean Ethics, Book I}, publisher={Oxford University Press}, author={Aristotle and S. Broadie and C. Rowe}, year={2002}, language = {english}}


@incollection{HypotheticalImperatives,
  title       = {Part III - Morality as a system of hypothetical imperatives},
  booktitle   = {Ethical theory: an anthology},
 publisher = {John Wiley \& Sons, Incorporated},
	editor = {Russ Shafer{-}Landau},
  year        = {2012},
  pages       = {138-143},
  chapter     = {16},
}

@book{Protagoras, title={Protagoras}, publisher={Oxford University Press}, author={Plato and C.W. Taylor}, year={2009}, language = {english}}


@book{AristotleVII, title={Nicomachean Ethics, Book VII}, publisher={Oxford University Press}, author={Aristotle and S. Broadie and C. Rowe}, year={2002}, language = {english}}



@misc{internet_encyclopedia_philosophy, url={https://www.iep.utm.edu/}, journal={Internet Encyclopedia of Philosophy}, publisher={Internet Encyclopedia of Philosophy}}

@misc{stanford_encyclopedia, url={https://plato.stanford.edu/index.html}, journal={Stanford Encyclopedia of Philosophy}, publisher={Stanford University}}

@book{driver_2014, title={Ethics: the fundamentals}, publisher={Blackwell Publishing}, author={Driver, Julia}, year={2014}}

@misc{miller_euthyphro, title={Euthyphro Dilemma}, publisher={Wake Forest University}, author={Miller, Christian and Plato}}

@book{darwall_1998, title={Philosophical Ethics (Dimensions of Philosophy Series)}, publisher={Westview Press Incorporated}, author={Darwall, Stephen L. and }, year={1998}}

@article{mccord,
	year = {2001},
	publisher = {Cambridge University Press},
	journal = {Social Philosophy and Policy},
	pages = {330},
	author = {Geoffrey Sayre{-}McCord},
	number = {2},
	volume = {18},
	title = {Mill's Proof of the Principle of Utility}
}

@article{guyer, title={Kant on Freedom, Law, and Happiness}, DOI={10.1017/cbo9781139173339}, author={Guyer, Paul}, year={2000}}

@book{kant_groundworks, place={New York}, title={Groundwork of the metaphysic of morals}, publisher={Harper Perennial Modern Thought}, author={Kant, Immanuel and Paton, H. J.}, year={2009}}





