@book{poole_2014, place={Boston, MA}, title={Linear algebra a modern introduction}, publisher={Cengage Brooks/Cole}, author={Poole, David}, year={2014}}

@book{velleman_2009, place={Cambridge}, title={How to prove it: a structured approach}, publisher={Cambridge University Press}, author={Velleman, Daniel J.}, year={2009}}

@misc{sanderson, title={3Blue1Brown}, url={https://www.youtube.com/channel/UCYO_jab_esuFRV4b17AJtAw}, journal={YouTube}, publisher={YouTube}, author={Sanderson, Grant}}

@misc{Smith, title={S1Y Probability}, journal={Course Notes}, publisher={University of Glasgow}, author={Smith, Duncan}}

@misc{bedroomlan_2011, title={Pascal's Triangle in LaTeX}, url={https://www.bedroomlan.org/coding/pascals-triangle-latex/}, journal={BedroomLAN}, year={2011}, month={Apr}}