@book{krugman_wells_2017, place={New York, NY}, edition={4}, title={Essentials of economics}, publisher={Worth Publishers, Macmillan Learning}, author={Krugman, Paul R. and Wells, Robin}, year={2017}}

@misc{investopedia, title={Sharper Insight. Smarter Investing.}, url={https://investopedia.com/}, journal={Investopedia}, publisher={Investopedia}}

@misc{economicsHelp, title={Economics Help}, url={https://www.economicshelp.org/}, journal={Economics Help}}


