@misc{mayr_2020,
	title        = {Algorithms and Data Structures: Lower Bounds for Sorting},
	author       = {Mayr, Richard},
	year         = 2020,
	month        = sep,
	journal      = {University Of Edinburgh - ADS},
	url 		 = "https://www.inf.ed.ac.uk/teaching/courses/ads/Current/lecture7.pdf",
}

@book{goodrich_tamassia_2011,
	title        = {Algorithm design: foundations, analysis, and Internet examples},
	author       = {Goodrich, Michael T. and Tamassia, Roberto},
	year         = 2011
}

