@misc{tutorialspoint , title={Java - Polymorphism}, url={https://www.tutorialspoint.com/java/java_polymorphism.htm}, journal={Tutorialspoint}}

@misc{openedge ,
		url={https://documentation.progress.com/output/ua/OpenEdge_latest/index.html#page/dvoop/using-polymorphism-with-classes.html},
		journal={OpenEdge }}
@misc{umlUtsa , title={Introduction}, url={http://www.cs.utsa.edu/~cs3443/uml/uml.html}, journal={UML Class Diagrams}}

@misc{umlVisual , title={UML Class Diagram Tutorial}, url={https://www.visual-paradigm.com/guide/uml-unified-modeling-language/uml-class-diagram-tutorial/}, journal={UML Class Diagram Tutorial}}
