@InCollection{sep-popper,
	author       =	{Thornton, Stephen},
	title        =	{{Karl Popper}},
	booktitle    =	{The {Stanford} Encyclopedia of Philosophy},
	editor       =	{Edward N. Zalta},
	howpublished =	{\url{https://plato.stanford.edu/archives/win2019/entries/popper/}},
	year         =	{2019},
	edition      =	{Winter 2019},
	publisher    =	{Metaphysics Research Lab, Stanford University}
}
@misc{popper-wiki, title={Falsifiability}, url={https://en.wikipedia.org/wiki/Falsifiability#Naive_falsificationism}, journal={Wikipedia}, publisher={Wikimedia Foundation}, year={2020}, month={Sep}}

@InCollection{sep-induction-problem,
	author       =	{Henderson, Leah},
	title        =	{{The Problem of Induction}},
	booktitle    =	{The {Stanford} Encyclopedia of Philosophy},
	editor       =	{Edward N. Zalta},
	howpublished =	{\url{https://plato.stanford.edu/archives/spr2020/entries/induction-problem/}},
	year         =	{2020},
	edition      =	{Spring 2020},
	publisher    =	{Metaphysics Research Lab, Stanford University}
}

@InCollection{sep-strawson,
	author       =	{Snowdon, Paul and Gomes, Anil},
	title        =	{{Peter Frederick Strawson}},
	booktitle    =	{The {Stanford} Encyclopedia of Philosophy},
	editor       =	{Edward N. Zalta},
	howpublished =	{\url{https://plato.stanford.edu/archives/spr2019/entries/strawson/}},
	year         =	{2019},
	edition      =	{Spring 2019},
	publisher    =	{Metaphysics Research Lab, Stanford University}
}
