 @book{watt_2004, place={Chichester}, title={Programming language design concepts}, publisher={Wiley}, author={Watt, David Anthony and Findlay, William}, year={2004}} 
