@book{stewart_2014, title={Stewart Calculus}, publisher={Cengage Learning}, author={Stewart, James}, year={2014}}

@misc{sanderson, title={3Blue1Brown}, url={https://www.youtube.com/channel/UCYO_jab_esuFRV4b17AJtAw}, journal={YouTube}, publisher={YouTube}, author={Sanderson, Grant}}

@misc{hooley_2006, title={Taylor Series}, publisher={University of St Andrews}, author={Hooley, Chris}, year={2006}, month={Aug}}
Last revised 13th September 2009

@misc{man_helm, title={2ODE}, url={http://epsassets.manchester.ac.uk/medialand/maths/}, publisher={Manchester University}}