@misc{google,
	title        = {Machine Learning Glossary Google Developers},
	journal      = {Google},
	publisher    = {Google},
	url          = {https://developers.google.com/machine-learning/glossary}
},
@book{rogers_girolami_2017,
	title        = {A first course in machine learning},
	author       = {Rogers, Simon and Girolami, Mark},
	year         = 2017,
	publisher    = {CRC Press, Taylor ; Francis Group, a Chapman ; Hall Book},
	place        = {Boca Raton}
},
@misc{ng_2012,
	title        = {Machine Learning},
	author       = {Ng, Andrew},
	year         = 2012,
	journal      = {Coursera},
	url          = {https://www.coursera.org/learn/machine-learning}
}
