@misc{kozlovski_2019, title={A Thorough Introduction to Distributed Systems}, url={https://www.freecodecamp.org/news/a-thorough-introduction-to-distributed-systems-3b91562c9b3c/}, journal={freeCodeCamp.org}, publisher={freeCodeCamp.org}, author={Kozlovski, Stanislav}, year={2019}, month={Jun}}
