@book{goodrich_tamassia_2014, title={Data Structures and Algorithms in Java, 6th
		Edition}, publisher={John Wiley \& Sons}, author={Goodrich, Michael and
		Tamassia, Roberto}, year={2014}}

@misc{calculating_program_running_time , title={CS2 Software Design \& Data Structures}, url={https://opendsa-server.cs.vt.edu/ODSA/Books/CS2/html/AnalProgram.html}, journal={Calculating Program Running Time }}

@misc{hochsteinSO , title={What is tail recursion?}, url={https://stackoverflow.com/questions/33923/what-is-tail-recursion}, journal={Stack Overflow}, author={Hochstein, Lorin HochsteinLorin}, year={1958}, month={Aug}}
