https://www.interaction-design.org/literature/topics/user-centered-design#:~:text=UCD%20is%20an%20Iterative%20Process&text=First%2C%20as%20designers%20working%20in,the%20design%20team%20develops%20solutions.