@book{velleman_2009, place={Cambridge}, title={How to prove it: a structured approach}, publisher={Cambridge University Press}, author={Velleman, Daniel J.}, year={2009}}

@book{petzold_2001, place={Redmond, WA}, title={Code: the hidden language of computer hardware and software}, publisher={Microsoft Press}, author={Petzold, Charles}, year={2001}}

@misc{basic_electronics, title={Basic Electronics Tutorials and Revision}, url={https://www.electronics-tutorials.ws/}, journal={Basic Electronics Tutorials}}

@misc{wikipedia, url={https://en.wikipedia.org/wiki/Wikipedia}, journal={Wikipedia}, publisher={Wikimedia Foundation}}

@book{csIlluminated, place={Burlington, Massachusetts}, title={Computer Science Illuminated}, publisher={Jones and Bartlett Learning}, author={Dale, Nell and Lewis, John}, year={2016}}